<?xml version="1.0" encoding="UTF-8"?><collection xmlns="http://www.loc.gov/MARC21/slim"><record><leader>00395nam--2200133-i-4500</leader><controlfield tag="001">000031513</controlfield><controlfield tag="002">20161230</controlfield><controlfield tag="005">20161230201038</controlfield><controlfield tag="008">060222s1000------------r-----000-0-eng-d</controlfield><datafield ind1=" " ind2=" " tag="080"><subfield code="a">681.31</subfield></datafield><datafield ind1=" " ind2=" " tag="100"><subfield code="a">Matney, Roy Miller</subfield></datafield><datafield ind1=" " ind2=" " tag="245"><subfield code="a">Parallel computing structures and algorithms for logic design problems. thesis</subfield></datafield><datafield ind1=" " ind2=" " tag="260"><subfield code="a">Ann Arbor, Michigan, Univ.Microfilms, 1969, Vii + 115p</subfield></datafield><datafield ind1=" " ind2=" " tag="852"><subfield code="a">36087</subfield></datafield></record></collection>